02RETORNO01COBRANCA       091900369967        INTERNATIONAL A O C S I BRAZIL341BANCO ITAU S.A.21022201600BPI00178220222                                                                                                                                                                                                                                                                                   000001
10204556818000146091900369967                                 56706472            157567064729             I29210222PORFIRIO  56706472            150719000000057600034100000  000000000076000000000000000000000000000000000000000000000000000000000000000000000000000000000000000000000000000000000         00000000000000000000000LUCIANA PORFIRIO                                                      000002
9201341          000000000000000000000000000000          0000007900000039483721  22/02L                                                  000000000000000000000000000000          000000000000000000000000000000001780000000100000000576000                                                                                                                                                                000003
